<?xml version="1.0" encoding="UTF-8"?><record xmlns="http://www.loc.gov/MARC21/slim" xmlns:cinclude="http://apache.org/cocoon/include/1.0" xmlns:zs="http://www.loc.gov/zing/srw/">
  <leader>00666cz  a2200205n  4500</leader>
  <controlfield tag="001">n 2002065703</controlfield>
  <controlfield tag="003">DLC</controlfield>
  <controlfield tag="005">20040901082610.0</controlfield>
  <controlfield tag="008">020117n| acabaaaan          |a aaa      </controlfield>
  <datafield tag="010" ind1=" " ind2=" ">
    <subfield code="a">n 2002065703</subfield>
  </datafield>
  <datafield tag="040" ind1=" " ind2=" ">
    <subfield code="a">DLC</subfield>
    <subfield code="b">eng</subfield>
    <subfield code="c">DLC</subfield>
    <subfield code="d">DLC</subfield>
  </datafield>
  <datafield tag="100" ind1="1" ind2=" ">
    <subfield code="a">Delille, Jacques,</subfield>
    <subfield code="d">1738-1813.</subfield>
    <subfield code="t">Works.</subfield>
    <subfield code="f">1818</subfield>
  </datafield>
  <datafield tag="400" ind1="1" ind2=" ">
    <subfield code="a">Delille, Jacques,</subfield>
    <subfield code="d">1738-1813.</subfield>
    <subfield code="t">Oeuvres de Jacques Delille.</subfield>
    <subfield code="f">1818</subfield>
  </datafield>
  <datafield tag="430" ind1=" " ind2="0">
    <subfield code="a">Oeuvres de Jacques Delille.</subfield>
    <subfield code="f">1818</subfield>
  </datafield>
  <datafield tag="642" ind1=" " ind2=" ">
    <subfield code="a">t. 17</subfield>
    <subfield code="5">DLC</subfield>
  </datafield>
  <datafield tag="643" ind1=" " ind2=" ">
    <subfield code="a">Paris</subfield>
    <subfield code="b">Chez G. Michaud, libraire</subfield>
  </datafield>
  <datafield tag="644" ind1=" " ind2=" ">
    <subfield code="a">f</subfield>
    <subfield code="5">DLC</subfield>
  </datafield>
  <datafield tag="645" ind1=" " ind2=" ">
    <subfield code="a">t</subfield>
    <subfield code="5">DLC</subfield>
  </datafield>
  <datafield tag="646" ind1=" " ind2=" ">
    <subfield code="a">s</subfield>
    <subfield code="5">DLC</subfield>
  </datafield>
  <datafield tag="670" ind1=" " ind2=" ">
    <subfield code="a">Pope, Alexander. L'essai sur l'homme de Pope, 1821:</subfield>
    <subfield code="b">series t.p. (Oeuvres de Jacques Delille; t. 17)</subfield>
  </datafield>
</record>